%%
% BIThesis 本科毕业设计论文模板 —— 使用 XeLaTeX 编译 The BIThesis Template for Undergraduate Thesis
% This file has no copyright assigned and is placed in the Public Domain.
%%

@article{cite1,
   title={热处理温度对ni-p合金刷镀层组织形貌及显微硬度的影响},
   author={袁庆龙 and 章军 and 侯文义},
   journal={太原理工大学学报},
   year={2001},
   number={01},
   pages={54-56},
   keywords={ni-p合金镀层;刷镀;ni3p相;显微硬度;组织形貌},
   abstract={分析了加热温度对p质量分数为4.4%的ni-p合金刷镀层组织形貌的影响,测定了不同加热温度下镀层的显微硬度值。结果表明,弥散分布的ni3p相是400℃温度下镀层显微硬度出现峰值的主要原因},
   issn={1000-1611},
   doi={10.16355/j.cnki.issn1007-9432tyut.2001.01.017},
}

@article{cite2,
 title={安全科学理论体系的发展及趋势探讨},
 author={罗云},
 journal={兵工安全技术},
 year={1999},
 number={03},
 pages={22-25},
 keywords={安全;科学理论;原理},
 abstract={系统阐述了安全科学技术领域的基本理论和原理,并对安全科学技术理论的发展提出了三阶段的观点。对于把握和推进安全科学技术理论的发展有着现实的意义。},
 issn={1004-5651},
}
