@article{zhang2021,
  author    = {张三 and 李四 and 王五},
  title     = {论文标题},
  journal   = {期刊名},
  year      = {2021},
  volume    = {1},
  pages     = {1--10},
  author+an = {1:myself="\Author"},
}
