@article{Jiang2005Size,
  title   = {形状记忆聚合物研究现状与发展},
  author  = {姜敏 and 彭少贤 and 郦华兴},
  journal = {现代塑料加工应用},
  volume  = {17},
  number  = {2},
  pages   = {53-56},
  year    = {2005},
}

@article{Takahashi1996Structure,
  title   = {Structure and properties of shape‐memory polyurethane block copolymers},
  author  = {Takahashi, Toshisada and Hayashi, Noriya and Hayashi, Shunichi},
  journal = {Journal of Applied Polymer Science},
  volume  = {60},
  number  = {7},
  pages   = {1061-1069},
  year    = {1996},
}

@inproceedings{Xia2002Analysis,
  title     = {Analysis of Affective Characteristics and Evaluation of Harmonious Feeling of Image Based on 1/f Fluctuation Theory},
  author    = {Xia, Mao and Chen, Bin and Gang, Zhu and Itsya, Muta},
  booktitle = {Developments in Applied Artificial Intelligence,  International Conference on Industrial and Engineering, Applications of Artificial Intelligence and Expert Systems, Iea/aie 2002, Cairns, Australia, June 17-20, 2002, Proceedings},
  pages     = {780-789},
  year      = {2002},
}

@misc{Jiang1989,
  title  = {一种温热外敷药的制备方法},
  author = {姜锡洲},
  year   = {1989},
}

@article{Mao2000Motion,
  title   = {情感工学破解"舒服"之谜},
  author  = {毛峡},
  journal = {科技文萃},
  number  = {7},
  pages   = {157-158},
  year    = {2000},
}

@article{Feng1998,
  title   = {核反应堆管道和压力容器的LBB分析},
  author  = {冯西桥 and 何树延},
  journal = {力学进展},
  volume  = {28},
  number  = {2},
  pages   = {198-217},
  year    = {1998},
}
@book{Meta_CN,
  title     = {{电磁超介质及其应用}},
  address   = {北京},
  publisher = {国防工业出版社},
  year      = {2008},
  author    = {崔万照 and 马伟 and 邱乐徳 and 张洪太},
  language  = {zh},
}

@book{JohnD,
  title     = {{Photonic Crystals: Molding the Flow of Light}},
  publisher = {Princeton University Press},
  year      = {2008},
  author    = {Joannopoulos, J. D. and Johnson, S. G. and Winn, J. N.},
}

@book{IEEE-1363,
  author    = {{IEEE Std 1363-2000}},
  title     = {{IEEE} Standard Specifications for Public-Key Cryptography},
  address   = {New York},
  publisher = {IEEE},
  year      = {2000},
}

@article{chen2007act,
  author    = {Chen, H. and Chan, C. T.},
  title     = {{Acoustic cloaking in three dimensions using acoustic metamaterials}},
  journal   = {Applied Physics Letters},
  year      = {2007},
  volume    = {91},
  pages     = {183518},
  publisher = {AIP},
}

@article{chen2007ewi,
  author    = {Chen, H. and Wu, B. I. and Zhang, B. and Kong, J. A.},
  title     = {{Electromagnetic Wave Interactions with a Metamaterial Cloak}},
  journal   = {Physical Review Letters},
  year      = {2007},
  volume    = {99},
  pages     = {63903},
  number    = {6},
  publisher = {APS},
}


@inproceedings{kocher99,
  author    = {C. Kocher and J. Jaffe and B. Jun},
  title     = {Differential Power Analysis},
  editor    = {M. Wiener},
  booktitle = {Advances in Cryptology ({CRYPTO}~'99)},
  series    = {Lecture Notes in Computer Science},
  volume    = {1666},
  pages     = {388-397},
  publisher = {Springer-Verlag},
  date      = {1999-08},
}


@incollection{Krasnogor2004e,
  author    = {N. Krasnogor},
  title     = {Towards robust memetic algorithms},
  booktitle = {Recent Advances in Memetic Algorithms},
  publisher = {Springer Berlin Heidelberg},
  year      = {2004},
  pages     = {185-207},
  editor    = {W.E. Hart and N. Krasnogor and J.E. Smith},
  volume    = {166},
  series    = {Studies in Fuzziness and Soft Computing},
  address   = {New York},
}

@incollection{zjsw,
  author    = {班固},
  title     = {苏武传},
  booktitle = {传记散文英华},
  publisher = {湖北人民出版社},
  year      = {1998},
  pages     = {65-69},
  editor    = {郑在瀛 and 汪超宏 and 周文复},
  volume    = {2},
  series    = {新古文观止丛书},
  address   = {武汉},
  language  = {zh},
}


@inbook{clzs,
  author    = {阎真},
  title     = {沧浪之水},
  chapter   = {大人物还是讲人情的},
  pages     = {185-207},
  publisher = {人民文学出版社},
  year      = {2001},
  language  = {zh},
}

@book{tex,
  author    = {Donald E. Knuth},
  title     = {The {\TeX} Book},
  publisher = {Addison-Wesley Publishing Company},
  address   = {Reading, MA},
  year      = 1989,
  edition   = {15th},
}

@book{companion,
  author    = {Michel Goosens and Frank Mittelbach and Alexander Samarin},
  title     = {The {\LaTeX} Companion},
  publisher = {Addison-Wesley Publishing Company},
  address   = {Reading, MA},
  pages     = {112--125},
  year      = 1994,
}

@article{ELIDRISSI94,
  author  = {{Chafik El Idrissi}, M. and {Roney}, A. and {Frigon}, C. and
             {Larzilli{\`e}re}, M.},
  title   = {Measurements of total kinetic-energy released to the {$N=2$}
             dissociation limit of {H}$_2$ --- evidence of the dissociation
             of very high vibrational {R}ydberg states of {H}$_2$ by
             doubly-excited states},
  journal = {Chemical Physics Letters},
  pages   = {260-266},
  volume  = 224,
  number  = 10,
  year    = 1994,
}

@article{MELLINGER96,
  author  = {Mellinger, A. and Vidal, C. R. and Jungen, Ch.},
  title   = {Laser reduced fluorescence study of the carbon-monoxide nd
             triplet {R}ydberg series-experimental results and multichannel
             quantum-defect analysis},
  journal = {J. Chem. Phys.},
  pages   = {8913-8921},
  volume  = 104,
  number  = 5,
  year    = 1996,
}

@article{SHELL02,
  author  = {Michael Shell},
  title   = {How to Use the {IEEEtran \LaTeX} Class},
  journal = {Journal of {\LaTeX} Class Files},
  year    = 2002,
  volume  = 12,
  number  = 4,
  pages   = {100--120},
}

@techreport{NPB2,
  title       = {The {NAS} Parallel Benchmarks 2.0},
  author      = {Alex Woo and David Bailey and Maurice Yarrow and Wijngaart
                 Wijngaart and Tim Harris and William Saphir},
  date        = {1995-12-05},
  institution = {The Pennsylvania State University CiteSeer Archives},
  url         = {https://www.nasa.org/},
}

@inproceedings{DPMG,
  author    = {Kim, Sangbum and Woo, Namyoon and Yeom, Heon Y. and Park,
               Taesoon and Park, Hyoungwoo},
  title     = {Design and {I}mplementation of {D}ynamic {P}rocess
               {M}anagement for {G}rid-enabled {MPICH}},
  booktitle = {the 10th European PVM/MPI Users' Group Conference},
  year      = 2003,
  address   = {Venice, Italy},
  month     = sep,
}

@inproceedings{cnproceed,
  author    = {王重阳 and 黄药师 and 欧阳峰 and 洪七公 and 段皇帝},
  title     = {武林高手从入门到精通},
  booktitle = {第~$N$~次华山论剑},
  year      = 2006,
  address   = {西安, 中国},
  publisher = {中国古籍出版社},
  month     = sep,
  language  = {zh},
}

@article{cnarticle,
  author   = {贾宝玉 and 林黛玉 and 薛宝钗 and 贾探春},
  title    = {论刘姥姥食量大如牛之现实意义},
  journal  = {红楼梦杂谈},
  pages    = {260--266},
  volume   = 224,
  year     = 1800,
  language = {zh},
}

@mastersthesis{zhubajie,
  author   = {猪八戒},
  title    = {论流体食物的持久保存},
  school   = {广寒宫大学},
  year     = 2005,
  address  = {北京},
  language = {zh},
}

@phdthesis{shaheshang,
  author   = {沙和尚},
  title    = {论流沙河的综合治理},
  school   = {清华大学},
  year     = 2005,
  address  = {北京},
  language = {zh},
}

@mastersthesis{metamori2004,
  author  = {Ashwin Raju Jeyakumar},
  title   = {Metamori: A library for Incremental File Checkpointing},
  school  = {Virgina Tech},
  date    = {2004-06-21},
  address = {Blacksburg},
}

@phdthesis{FistSystem01,
  author  = {Erez Zadok},
  title   = {{FiST: A System for Stackable File System Code Generation}},
  date    = {2001-05},
  school  = {Computer Science Department, Columbia University},
  address = {USA},
}

@inbook{ColdSources,
  author    = {P. Gr{\"o}ning and L. Nilsson and P. Ruffieux and R.
               Clergereaux and O. Gr{\"o}ning},
  title     = {Encyclopedia of Nanoscience and Nanotechnology},
  pages     = {547--579},
  publisher = {American Scientific Publishers},
  year      = 2004,
  volume    = 1,
}

  @phdthesis{bai2008,
  title    = {{信用风险传染模型和信用衍生品的定价}},
  author   = {白云芬},
  year     = {2008},
  language = {zh},
  school   = {上海交通大学},
  address  = {上海},
}


%萧钰.出版业信息化迈人快车道[EB/OL]. (2001-12-19)[2002-04-15]. https://www.creader.com/news/20011219/200112190019.html.
@misc{xiaoyu2001,
  author     = {萧钰},
  title      = {出版业信息化迈人快车道},
  year       = {2001},
  typeoflit  = {EB/OL},
  modifydate = {2001-12-19},
  citedate   = {2002-04-15},
  url        = {https://www.creader.com/news/20011219/200112190019.html},
  language   = {Chinese},
}

% CHRISTINE M. Plant physiology: plant biology in the Genome Era[J/OL]. Science, 1998, 281:331-332[1998-09-23]. https://www.sciencemag.org/cgi/collection/anatmorp.
% 在线析出文献
@article{CHRISTINE1998,
  author    = {Christine, Mlot},
  title     = {Plant physiology: plant biology in the Genome Era},
  journal   = {Science},
  volume    = {281},
  pages     = {331-332},
  year      = {1998},
  typeoflit = {J/OL},
  citedate  = {1998-09-23},
  url       = {https://www.sciencemag.org/cgi/collection/anatmorp},
}
