%%
% The BIThesis Template for Bachelor Graduation Thesis
%
% 北京理工大学毕业设计（论文）参考文献管理 —— 使用 XeLaTeX 编译
%
% Copyright 2020-2023 BITNP
%
% This work may be distributed and/or modified under the
% conditions of the LaTeX Project Public License, either version 1.3
% of this license or (at your option) any later version.
% The latest version of this license is in
%   http://www.latex-project.org/lppl.txt
% and version 1.3 or later is part of all distributions of LaTeX
% version 2005/12/01 or later.
%
% This work has the LPPL maintenance status `maintained'.
%
% The Current Maintainer of this work is Feng Kaiyu.
%
% Compile with: xelatex -> biber -> xelatex -> xelatex

@article{yuFeiJiZongTiDuoXueKeSheJiYouHuaDeXianZhuangYuFaZhanFangXiang2008,
  title = {飞机总体多学科设计优化的现状与发展方向},
  author = {余, 雄庆},
  date = {2008},
  journaltitle = {南京航空航天大学学报},
  pages = {417--426},
  issn = {1005-2615},
  url = {http://kns.cnki.net/kcms/detail/detail.aspx?filename=NJHK200804000&dbcode=CJFQ&dbname=CJFD2008&v=},
  urldate = {2020-02-29},
  keywords = {aircraft design,multidisciplinary design optimization,optimization,优化,多学科设计优化,飞行器设计},
  langid = {中文;},
  number = {04}
}
@article{Hajela2012Application,
  title={Application of Global Sensitivity Equations in Multidisciplinary Aircraft Synthesis},
  author={Hajela, P. and Bloebaum, C. L. and Sobieszczanski-Sobieski, Jaroslaw},
  journal={Journal of Aircraft},
  volume={27},
  number={12},
  pages = {1002-110},
  year={1990},
}
@book{张伯伟2002全唐五代诗格会考,
  title={全唐五代诗格会考},
  author={张伯伟},
  publisher={江苏古籍出版社},
  location={南京},
  year={2002},
  language={zh},
  keywords={book},
}
@book{OBRIEN1994Aircraft,
  title={Introduction to information systems},
  author={O'BRIEN, James A},
  location={$\text{7}^\text{th}$ ed. Burr Ridge, III},
  publisher={Irwin},
  year={1994},
  keywords={book},
}
@proceedings{雷光春2012,
    author = {雷光春},
    title = {综合湿地管理: 综合湿地管理国际研讨会论文集},
    location = {北京},
    publisher = {海洋出版社},
    year = {2012},
}
@inbook{白书农,
  title={植物开花研究},
  author={白书农},
  location = {北京},
  publisher={高等教育出版社},
  year={1998},
  pages = {146-163},
  editor = {李承森},
  booktitle = {植物科学进展},
}
@phdthesis{zhanghesheng,
  author = {张和生},
  title = {嵌入式单片机系统设计},
  location = {北京},
  school = {北京理工大学},
  year = {1998},
  language={zh},
  keywords={thesis},
}
@phdthesis{Sobieski,
  author = {Sobieski, I. P.},
  title = {Multidisciplinary Design Using Collaborative Optimization},
  location = {United States -- California},
  school = {Stanford University},
  year = {1998},
  keywords={thesis},
}
@techreport{fengxiqiao,
  author = {冯西桥},
  title = {核反应堆压力容器的LBB分析},
  address = {北京},
  institution = {清华大学核能技术设计研究院},
  year = {1997},
  language={zh},
  keywords={techreport},
}
@techreport{Sobieszczanski,
  author = {Sobieszczanski-Sobieski, J.},
  title = {Optimization by Decomposition: A Step from Hierarchic to Non-Hierarchic Systems},
  institution = {NASA CP-3031},
  year = {1989},
  keywords={techreport},
}
@patent{jiangxizhou,
  author = {姜锡洲},
  title = {一种温热外敷药制备方案},
  number = {881056078},
  date = {1983-08-12},
}
@standard{GB/T3792.4-2009,
  publisher ={中国标准出版社},
  title={全国信息与文献标准化技术委员会. 文献著录: 第4部分$\,$非书资料: GB/T 3792.4-2009},
  location = {北京},
  year={2010},
  language={zh},
  pages = {3},
  keywords={standard},
}
@newspaper{xiexide,
  author = {谢希德},
  title={创造学习的思路},
  date={1998-12-25},
  number = {10},
  journal = {人民日报},
  keywords = {newspaper},
}
@online{yaoboyuan,
  author = {姚伯元},
  title = {毕业设计(论文)规范化管理与培养学生综合素质},
  organization = {中国高等教育网教学研究},
  date = {2005-02-02},
  url     = {http://www.cnnic.net.cn/hlwfzyj/hlwxzbg/201201/P020120709345264469680},
  urldate = {2013-03-26},
  keywords = {online},
}
